<?xml version="1.0" encoding="UTF-8"?><collection xmlns="http://www.loc.gov/MARC21/slim"><record><leader>00574nam--2200181-i-4500</leader><controlfield tag="001">000016189</controlfield><controlfield tag="002">20161230</controlfield><controlfield tag="005">20161230201031</controlfield><controlfield tag="008">060222s1000------------r-----000-0-fre-d</controlfield><datafield ind1=" " ind2=" " tag="040"><subfield code="a">IFIN-HH</subfield></datafield><datafield ind1=" " ind2=" " tag="041"><subfield code="a">fre</subfield></datafield><datafield ind1=" " ind2=" " tag="080"><subfield code="a">537.611.45(043)</subfield></datafield><datafield ind1="1" ind2=" " tag="100"><subfield code="a">Dugay, Michel</subfield></datafield><datafield ind1="1" ind2="0" tag="245"><subfield code="a">Contribution a l'etude theorique de la structure electronique de quelques semiconducteurs organiques lineaires antiferromagnetiques</subfield><subfield code="b">These</subfield><subfield code="c">Michel dugay</subfield></datafield><datafield ind1=" " ind2=" " tag="260"><subfield code="a">Paris</subfield><subfield code="b">Universite De Clermont-ferrand</subfield><subfield code="c">1974</subfield></datafield><datafield ind1=" " ind2=" " tag="300"><subfield code="a">145P</subfield></datafield><datafield ind1=" " ind2=" " tag="852"><subfield code="a">77782</subfield><subfield code="c">537:538</subfield></datafield><datafield ind1=" " ind2=" " tag="CAT"><subfield code="a">Sys</subfield><subfield code="c">20110629</subfield><subfield code="h">162901</subfield></datafield></record></collection>